@article{einstein,
    author        = {Albert Einstein},
    title         = {Zur Elektrodynamik bewegter K{\"o}rper. (German) [On the electrodynamics of moving bodies]},
    journaltitle  = {Annalen der Physik},
    year          = {1905},
    volume        = {322},
    number        = {10},
    pages         = {891-921},
    doi           = {http://dx.doi.org/10.1002/andp.19053221004}
}
@article{HuntPneumaticActuator,
author = {Hunt, Alexander Jacob and Graber-Tilton, Alexander and Quinn, Roger
D.},
journal = {Proceedings of the ASME 2017 International Design Engineering
Technical Conferences and Computers and Information in Engineering Conference},
keywords = {IDETC/CIE 2017,braided pneumatic actuator},
mendeley-groups = {BRL/ThesisReference},
number = {1},
pages = {1--8},
title = {{Modeling Length Effects of Braided Pneumatic Actuators}},
volume = {1},
year = {2017}
}
@phdthesis{HuntPhDThesis,
author = {Hunt, Alexander Jacob},
file = {:home/buck/SamsungUSB/someLightReading/mendeley/Hunt/Unknown/Hunt - 2016
- Neurologically Based Control For Quadruped Walking.pdf:pdf},
mendeley-groups = {BRL/ThesisReference,BRL,BRL/SNS{\_}Pick3{\_}5},
pages = {1--119},
school = {Case Western Reserve University},
title = {{Neurologically Based Control For Quadruped Walking}},
type = {Doctoral},
year = {2016}
}

